@book{gf,
  author = "Wilf, Hilbert S.",
  title = "Generating functionology",
  year = 1990,
  publisher = "Academic Press, Inc.",
}

@article{gosper,
  author = "Gosper Jr, R. William"
  title = "Decision procedure for indefinite hypergeometric summation"
  year = 1978
  publisher = "Proc. Natl. Acad. Sci. USA"
}
